@article{gopal2019digital,
  title={Digital transformation in healthcare--architectures of present and future information technologies},
  author={Gopal, Gayatri and Suter-Crazzolara, Clemens and Toldo, Luca and Eberhardt, Werner},
  journal={Clinical Chemistry and Laboratory Medicine (CCLM)},
  volume={57},
  number={3},
  pages={328--335},
  year={2019},
  publisher={De Gruyter}
}
@misc{EIU2016,
    title={World industry outlook, Healthcare and pharmaceuticals},
    author={The Economist Intelligent Unit},
    year={2016},
    month={December},
    howpublished={\url{http://ftp01.economist.com.hk/GroupIT/01_FULL_REPORT-World_healthcare_and}},
    note={Accessed: 2019-11-12}
}
@article{sambamoorthi2015multiple,
  title={Multiple chronic conditions and healthcare costs among adults},
  author={Sambamoorthi, Usha and Tan, Xi and Deb, Arijita},
  journal={Expert review of pharmacoeconomics \& outcomes research},
  volume={15},
  number={5},
  pages={823--832},
  year={2015},
  publisher={Taylor \& Francis}
}
@article{lahue2012national,
  title={National burden of preventable adverse drug events associated with inpatient injectable medications: healthcare and medical professional liability costs},
  author={Lahue, Betsy J and Pyenson, Bruce and Iwasaki, Kosuke and Blumen, Helen E and Forray, Susan and Rothschild, Jeffrey M},
  journal={American health \& drug benefits},
  volume={5},
  number={7},
  pages={1},
  year={2012},
  publisher={Engage Healthcare Communications, LLC}
}
@misc{prevMedErrors,
    title={Preventing Medication Errors:A \$21 Billion Opportunity},
    institution={New England Health Institute},
    author={New England Health Institute},
    howpublished={\url{https://www.nehi.net/bendthecurve/sup/documents/Medication_Errors_%20Brief.pdf}},
    note={Accessed: 2019-11-12}
}
@article{ostbye2005there,
  title={Is there time for management of patients with chronic diseases in primary care?},
  author={{\O}stbye, Truls and Yarnall, Kimberly SH and Krause, Katrina M and Pollak, Kathryn I and Gradison, Margaret and Michener, J Lloyd},
  journal={The Annals of Family Medicine},
  volume={3},
  number={3},
  pages={209--214},
  year={2005},
  publisher={Annals Family Med}
}
@misc{industryDigitalization,
    title={Which Industries Are the Most Digital (and Why)?},
    author={Prashant Gandhi, Somesh Khanna, Sree Ramaswamy},
    howpublished={\url{https://hbr.org/2016/04/a-chart-that-shows-which-industries-are-the-most-digital-and-why}},
    note={Accessed: 2019-11-12}
}
@article{fuchtbauer2013emergency,
  title={Emergency department physicians spend only 25\% of their working time on direct patient care},
  author={F{\"u}chtbauer, Laila Maria and N{\o}rgaard, Birgitte and Mogensen, Christian Backer},
  journal={Dan Med J},
  volume={60},
  number={1},
  pages={A4558},
  year={2013}
}
@article{gross1998patient,
  title={Patient satisfaction with time spent with their physician},
  author={Gross, David A and Zyzanski, Stephen J and Borawski, Elaine A and Cebul, Randall D and Stange, Kurt C},
  journal={Journal of Family Practice},
  volume={47},
  number={2},
  pages={133--138},
  year={1998},
  publisher={Quadrant Healthcom, Inc.}
}
@article{rodriguez2002illegible,
  title={Illegible handwriting in medical records},
  author={Rodr{\'\i}guez-Vera, F Javier and Marin, Y and Sanchez, A and Borrachero, C and Pujol, E},
  journal={Journal of the Royal Society of Medicine},
  volume={95},
  number={11},
  pages={545--546},
  year={2002},
  publisher={SAGE Publications Sage UK: London, England}
}

